<record><leader>00000cas a22000007a 4500</leader><controlfield tag="001">11714161</controlfield><controlfield tag="008">850220d18591862wiuwr ne      0    0eng d</controlfield><datafield ind1=" " ind2=" " tag="010"><subfield code="a">sn 85040178 </subfield></datafield><datafield ind1=" " ind2=" " tag="040"><subfield code="a">NPV</subfield><subfield code="b">eng</subfield><subfield code="c">NPV</subfield><subfield code="d">OCLCQ</subfield></datafield><datafield ind1=" " ind2=" " tag="042"><subfield code="a">msc</subfield></datafield><datafield ind1="0" ind2="0" tag="245"><subfield code="a">Wisconsin state rights.</subfield></datafield><datafield ind1="1" ind2="7" tag="246"><subfield code="a">State rights</subfield></datafield><datafield ind1=" " ind2=" " tag="260"><subfield code="a">Monroe, Green County, Wis. :</subfield><subfield code="b">N.L. Stout</subfield></datafield><datafield ind1=" " ind2=" " tag="300"><subfield code="a">v.</subfield></datafield><datafield ind1=" " ind2=" " tag="310"><subfield code="a">Weekly</subfield></datafield><datafield ind1="1" ind2=" " tag="362"><subfield code="a">Began with Mar. 16, 1859; ceased in 1862.</subfield><subfield code="z">Cf. Oehlerts, d. Guide to Wis. newspapers.</subfield></datafield><datafield ind1=" " ind2=" " tag="500"><subfield code="a">Published in Monroe, Wis., &lt;March 25, 1859&gt;-Dec. 5, 1860; in Stevens Point, Wis., April 9, 1861-&lt;Dec. 4, 1861&gt;.</subfield></datafield><datafield ind1=" " ind2=" " tag="515"><subfield code="a">Suspended publication: Dec. 12, 1860-Apr. 2, 1861.</subfield></datafield><datafield ind1=" " ind2=" " tag="515"><subfield code="a">Added "new series" numbering Apr. 9, 1860 with Vol. 1, no. 1.</subfield></datafield><datafield ind1=" " ind2=" " tag="588"><subfield code="a">Description based on: Vol. 1, no. 2 (Mar. 23, 1859).</subfield></datafield><datafield ind1=" " ind2=" " tag="752"><subfield code="a">United States</subfield><subfield code="b">Wisconsin</subfield><subfield code="c">Green</subfield><subfield code="d">Monroe.</subfield></datafield><datafield ind1=" " ind2=" " tag="752"><subfield code="a">United States</subfield><subfield code="b">Wisconsin</subfield><subfield code="c">Portage</subfield><subfield code="d">Stevens Point.</subfield></datafield></record>